00100000         2075789650001050020912580014       0072180000000268968 ADEMIR DE SOUZA PINTO FILHO   BANCO DO BRASIL                         20808201103005600063903000000033478805PROCESSAMEN                                                 
00100011T0100020 20075789650001050020912580014       0072180000000268968 ADEMIR DE SOUZA PINTO FILHO                                                                                   000000000808201100000000  000000000                      
0010001300001T 060072180000000268968 20912581234579634   1               00000000000000000035350237031010                         0900000000000000000000000000000000000000000000000000000   000000000000000000000030200        180192091258     
0010001300002U 060000000000000000000000000000000000000000000000000000000000000000000000353500000000000350480000000000000000000000000000000808201110082011            000000000000000                              000                           
0010001300003T 060072180000000268968 20912581234581734   1               00000000000000000005250001052213                         0900000000000000000000000000000000000000000000000000000   000000000000000000000030200        180192091258     
0010001300004U 060000000000000000000000000000000000000000000000000000000000000000000000052500000000000049480000000000000000000000000000000808201110082011            000000000000000                              000                           
0010001300005T 060072180000000268968 20912581234584366   1               00000000000000000005250001007218                         0900000000000000000000000000000000000000000000000000000   000000000000000000000030200        180192091258     
0010001300006U 060000000000000320000000000000000000000000000000000000000000000000000000052820000000000049800000000000000000000000000000000808201110082011            000000000000000                              000                           
0010001300007T 060072180000000268968 20912581234584564   1               00000000000000000005250001007218                         0900000000000000000000000000000000000000000000000000000   000000000000000000000030200        180192091258     
0010001300008U 060000000000000000000000000000000000000000000000000000000000000000000000052500000000000049480000000000000000000000000000000808201110082011            000000000000000                              000                           
0010001300009T 060072180000000268968 20912581234585080   1               00000000000000000005250104007730                         0900000000000000000000000000000000000000000000000000000   000000000000000000000030200        180192091258     
0010001300010U 060000000000000000000000000000000000000000000000000000000000000000000000052500000000000049480000000000000000000000000000000808201110082011            000000000000000                              000                           
0010001300011T 060072180000000268968 20912581234589096   1               00000000000000000009450237021690                         0900000000000000000000000000000000000000000000000000000   000000000000000000000030200        180192091258     
0010001300012U 060000000000000000000000000000000000000000000000000000000000000000000000094500000000000091480000000000000000000000000000000808201110082011            000000000000000                              000                           
0010001300013T 060072180000000268968 20912581234591997   1               00000000000000000004250341068780                         0900000000000000000000000000000000000000000000000000000   000000000000000000000030200        180192091258     
0010001300014U 060000000000000000000000000000000000000000000000000000000000000000000000042500000000000039480000000000000000000000000000000808201110082011            000000000000000                              000                           
00100015         000016000000000000000000000000000000000000000000000000000000000000000000000000000000000000000000000000000000000000000000000000000                                                                                              
00199999         000001000018000000                                                                                                                                                            00000000000000000000000000000                    
